<record xmlns:xsi="http://www.w3.org/2001/XMLSchema-instance" xmlns="http://www.loc.gov/MARC21/slim" xsi:schemaLocation="http://www.loc.gov/MARC21/slim http://www.loc.gov/standards/marcxml/schema/MARC21slim.xsd">

  <leader>00649nam a2200145Ia 4500</leader>
  <datafield ind1=" " ind2=" " tag="090">
    <subfield code="a">CD #180</subfield>
  </datafield>
  <datafield ind1=" " ind2=" " tag="100">
    <subfield code="a"/>
  </datafield>
  <datafield ind1=" " ind2=" " tag="245">
    <subfield code="a">Avances sobre juventud en Costa Rica (2002-2004)</subfield>
  </datafield>
  <datafield ind2=" " tag="260" ind1=" ">
    <subfield code="a">[San José, Costa Rica] : </subfield>
    <subfield code="b">Consejo Nacional de la Política Pública de la Persona Joven, </subfield>
    <subfield code="c">2004</subfield>
  </datafield>
  <datafield ind1=" " ind2=" " tag="300">
    <subfield code="a">[disco compacto]</subfield>
  </datafield>
  <datafield ind2=" " tag="500" ind1=" ">
    <subfield code="a">Contenidos:\Ley General de la Persona Joven (N°8261)\Decreto N°30622-C Reglamento a la Ley General de la Persona Joven\Oferta pública de juventud en Costa Rica (2002)\Mensaje del presidente en video\Política pública de la persona joven\Balance de la in</subfield>
  </datafield>
  <datafield tag="650" ind2=" " ind1=" ">
    <subfield code="a">JUVENTUD</subfield>
  </datafield>
  <datafield ind1=" " ind2=" " tag="650">
    <subfield code="a">LEY</subfield>
  </datafield>
  <datafield ind1=" " tag="942" ind2=" ">
    <subfield code="p">002557 </subfield>
  </datafield>
  <datafield tag="999" ind2=" " ind1=" ">
    <subfield code="c">2458</subfield>
    <subfield code="d">2458</subfield>
  </datafield>
</record>